% Encoding: UTF-8
@book{Knuth1998,
 author = {Knuth, Donald E.},
 title = {The art of computer programming,  volume 3: (2nd ed.) sorting and searching},
 year = {1998},
 publisher = {Addison Wesley Longman Publishing Co., Inc.},
 address = {Redwood City, CA, USA}
}

@book{Pollefliet2011,
  author = {Pollefliet, Leen},
  title = {Schrijven van verslag tot eindwerk: do's en don'ts},
  year = {2011},
  publisher = {Academia Press},
  address = {Gent}
}

@article{Creeger2009,
  author = {Creeger, Mache},
  journal = {Communications of the ACM},
  number = {8},
  pages = {50--56},
  title = {{CTO Roundtable: Cloud Computing}},
  volume = {52},
  year = {2009}
}

@Article{SabiEtAl2016,
  author       = {Sabi, Humphrey M. and Uzoka, Faith-Michael E. and Langmia, Kehbuma and Njeh, Felix M.},
  title        = {Conceptualizing a model for adoption of cloud computing in education},
  journaltitle = {International Journal of Information Management},
  year         = {2016},
  volume       = {36},
  number       = {2},
  pages        = {183--191},
  doi          = {10.1016/j.ijinfomgt.2015.11.010},
  url          = {http://www.sciencedirect.com/science/article/pii/S0268401215001115},
}

@Online{LewisFowler2014,
  author    = {Lewis, James and Fowler, Martin},
  title     = {Microservices: a definition of this new architectural term},
  date      = {2014-03-25},
  url       = {http://martinfowler.com/articles/microservices.html},
  urldate   = {2016-09-01},
}

@Online{Hykes2013,
  author    = {Solomon Hykes},
  title     = {The future of Linux Containers (PyCon 2013)},
  date      = {2013-03-21},
  url       = {https://www.youtube.com/watch?v=wW9CAH9nSLs},
  urldate   = {2016-09-01},
}

@Online{Bulthuis,
  author = {Mark Bulthuis},
  date   = {2021-07-30},
  title  = {Wat is Infrastructure as Code (IaC)?},
  url    = {https://www.littlerocket.nl/wat-is-infrastructure-as-code/},
}

@Online{Seferlis2018,
  author = {Chris Seferlis},
  date   = {2018-09-01},
  title  = {What is Azure Firewall?},
  url    = {https://blog.pragmaticworks.com/what-is-azure-firewall},
}

@Online{Cooke,
  author = {Karl Cooke},
  title  = {De evolutie van Azure Firewall},
  url    = {https://intercept.cloud/nl/nieuws/de-evolutie-van-azure-firewall/},
}

@Online{Janashia2020,
  author = {Nana Janashia},
  date   = {2020-07-04},
  title  = {Terraform explained in 15 mins | Terraform tutorial for beginners},
  url    = {https://www.youtube.com/watch?v=l5k1ai_GBDE},
}

@Online{Aviatrix,
  author = {Aviatrix},
  title  = {What is Azure Firewall?},
  url    = {https://aviatrix.com/learn-center/cloud-security/azure-firewall/},
}

@Online{Awati,
  author = {Rahul Awati},
  title  = {Virtual appliance},
  url    = {https://www.techtarget.com/searchitoperations/definition/virtual-appliance},
}

@Online{Zerger,
  author = {Pete Zerger},
  date   = {202-12-29},
  title  = {Azure Bicep: Up, running, and authoring in 10 MINUTES!},
  url    = {https://www.youtube.com/watch?v=B1YIA3bs5u8&t=34s},
}

@Online{IONOS2019,
  author = {IONOS},
  date   = {2019-10-14},
  title  = {Infrastructure as Code (IaC): using code for IT infrastructure management},
  url    = {https://www.ionos.com/digitalguide/server/know-how/infrastructure-as-code/},
}

@Book{Morris2016,
  author = {Kief Morris},
  date   = {2016-06},
  title  = {Infrastructure as Code: dynamic systems for the cloud age},
}

@Online{2022,
  author = {Microsoft},
  date   = {2022-02-08},
  title  = {Deploy and configure Azure Firewall using the Azure portal},
  url    = {https://learn.microsoft.com/en-us/azure/firewall/tutorial-firewall-deploy-portal},
}


@Online{Dave2021,
  author = {Dave R},
  date   = {2021-09-13},
  title  = {Why is Azure Bicep your next choice for Infrastructure as Code?},
  url    = {https://medium.com/codex/why-is-azure-bicep-your-next-choice-for-infrastructure-as-code-f10a2b924ca7},
}

@Online{2022a,
  author = {Microsoft},
  date   = {2022-10-25},
  title  = {Quickstart: Create an Azure Firewall and a firewall policy - Bicep},
  url    = {https://learn.microsoft.com/en-us/azure/firewall-manager/quick-firewall-policy-bicep?tabs=CLI},
}


@Online{Harrington2022,
  author = {David Harrington},
  date   = {2022-03-30},
  title  = {What is Terraform: Everything you need to know},
  url    = {https://www.varonis.com/blog/what-is-terraform},
}

@Online{Misson2021,
  author = {Vincent Misson},
  date   = {2021-08-31},
  title  = {Firewall as Code},
  url    = {https://blog.cloud63.fr/firewall-as-code/},
}

@Online{Alto2022,
  author = {Palo Alto},
  date   = {2022-11-17},
  title  = {Deploy the VM-Series Firewall from the Azure Marketplace (Solution Template)},
  url    = {https://docs.paloaltonetworks.com/vm-series/11-0/vm-series-deployment/set-up-the-vm-series-firewall-on-azure/deploy-the-vm-series-firewall-on-azure-solution-template},
}

@Online{Microsoft2022,
  author = {Microsoft},
  date   = {2022-05-01},
  title  = {Network Virtual Appliances - Get},
  url    = {https://learn.microsoft.com/en-us/rest/api/virtualnetwork/network-virtual-appliances/get?tabs=HTTP},
}
@Online{MicrosoftNVA,
  author = {Microsoft},
  title  = {Network Appliances},
  url    = {https://azure.microsoft.com/en-us/solutions/network-appliances/},
}
@Online{Hat,
  author = {Red Hat},
  title  = {How Ansible works},
  url    = {https://www.ansible.com/overview/how-ansible-works},
}
@Comment{jabref-meta: databaseType:biblatex;}
